@misc{costa2024,
    author = {Victor Junio Lisboa Costa},
    title = {ChatGPT: uma análise da ferramenta aplicada no processo de desenvolvimento de software},
    howpublished = {Pontifícia Universidade Católica de Goiás},
    url = {https://repositorio.pucgoias.edu.br/jspui/handle/123456789/7929},
    urlaccessdate = {23 ago. 2025},
    year = {2024},
    address = {Goiânia, GO}
}

@article{daSilva2025,
    author = {Igor Herculano da Silva and Henrique Ernesto Rodrigues Costa and Wilker José Caminha dos Santos and Thiago Nicolau Magalhães de Souza Conte},
    title = {{DESENVOLVIMENTO DE APLICAÇÃO WEB COM INTELIGÊNCIA ARTIFICIAL GENERATIVA COMO AGENTE TUTOR SUPERVISOR NA CODIFICAÇÃO}},
    url = {https://periodicos.newsciencepubl.com/arace/article/view/4942},
    urlaccessdate = {21 jul. 2025},
    journal = {ARACÊ},
    volume = {7},
    number = {5},
    year = {2025},
    pages = {22855--22877}
}

@misc{ferreira2023,
    author = {Ismael Souza Ferreira},
    title = {Benefícios e desafios do uso de IAs na programação},
    howpublished = {TCC (Sistemas para Internet) -- Instituto Federal de Educação, Ciência e Tecnologia do Sertão Pernambucano},
    url = {https://releia.ifsertao-pe.edu.br/jspui/handle/123456789/1184},
    urlaccessdate = {21 jul. 2025},
    year = {2023},
    address = {Salgueiro, PE}
}

@misc{gomes2023,
    author = {Paulo Ricardo Pereira Gomes},
    title = {Uma análise preliminar das IA generativa no suporte ao desenvolvimento de software},
    howpublished = {Monografia (Bacharelado em Sistemas de Informação) -- Instituto Federal do Espírito Santo},
    pages = {61},
    url = {https://repositorio.ifes.edu.br/handle/123456789/5914},
    urlaccessdate = {21 jul. 2025},
    year = {2023},
    address = {Serra, ES}
}

@phdthesis{santos2024,
    author = {Gerson Pinto dos Santos},
    title = {Inteligência artificial generativa: o processo de ensino-aprendizagem no ensino superior de tecnologia},
    type = {Dissertação -- Mestrado em Administração de Organizações},
    school = {Faculdade de Economia, Administração e Contabilidade de Ribeirão Preto, University of São Paulo},
    url = {https://www.teses.usp.br/teses/disponiveis/96/96132/tde-23012025-124616/en.php},
    urlaccessdate = {22 jul. 2025},
    year = {2024},
    address = {Ribeirão Preto, SP}
}

@inproceedings{coutinho2021,
    author = {Emanuel Coutinho and Carla Bezerra},
    title = {Simulação de Alocação de Recursos em Projetos de Desenvolvimento de Software Utilizando Teoria das Filas},
    booktitle = {Anais do III Workshop em Modelagem e Simulação de Sistemas Intensivos em Software},
    location = {Joinville},
    issn = {0000-0000},
    pages = {30--39},
    publisher = {SBC},
    url = {https://sol.sbc.org.br/index.php/mssis/article/view/17257},
    urlaccessdate = {24 ago. 2025},
    year = {2021},
    address = {Porto Alegre, RS}
}

@article{sakurai2018,
    author = {Sakurai, Ruudi and Zuchi, Jederson Donizete},
    title = {{AS REVOLUÇÕES INDUSTRIAIS ATÉ A INDUSTRIA 4.0}},
    volume = {15},
    number = {2},
    journal = {Revista Interface Tecnológica},
    pages = {480--491},
    url = {https://revista.fatectq.edu.br/interfacetecnologica/article/view/386},
    urlaccessdate = {24 ago. 2025},
    year = {2018},
    address = {Taquaritinga, SP}
}

@article{maynard2015,
    author = {Andrew D. Maynard},
    title = {Navigating the fourth industrial revolution},
    journal = {Nature Nanotechnology},
    volume = {10},
    pages = {1005--1006},
    url = {https://www.nature.com/articles/nnano.2015.286},
    urlaccessdate = {24 ago. 2025},
    year = {2015},
    address = {Tempe, Arizona, EUA}
}

@book{schwab2019,
    author = {Klaus Schwab},
    title = {A Quarta Revolução Industrial},
    publisher = {Edipro},
    year = {2019}
}

@misc{candido2022,
    author = {Amanda Kelly Rodrigues Cândido},
    title = {Uma revisão sistemática de estudos secundários sobre práticas ágeis de desenvolvimento de software},
    howpublished = {Pontifícia Universidade Católica de Goiás},
    url = {https://repositorio.pucgoias.edu.br/jspui/handle/123456789/4436},
    urlaccessdate = {24 ago. 2025},
    year = {2022},
    address = {Goiânia, GO}
}

@misc{neto2019,
    author = {James Gonçalves Neto},
    title = {Metodologias ágeis em uma microempresa de desenvolvimento de softwares: um estudo de caso com o uso do Scrum},
    howpublished = {Universidade Tecnológica Federal do Paraná},
    url = {http://repositorio.utfpr.edu.br/jspui/handle/1/19439},
    urlaccessdate = {24 ago. 2025},
    year = {2019},
    address = {Curitiba, PR}
}
